@techreport{gao2024,
  title = {Federal Contracting: Assessment of Government-wide Trends and Opportunities},
  author = {{U.S. Government Accountability Office}},
  year = {2024},
  institution = {GAO},
  number = {GAO-24-106234},
  address = {Washington, DC}
}

@techreport{deltek2024,
  title = {Clarity Government Contracting Industry Study},
  author = {{Deltek Inc.}},
  year = {2024},
  institution = {Deltek},
  address = {Herndon, VA}
}

@manual{far2024,
  title = {Federal Acquisition Regulation},
  author = {{General Services Administration}},
  year = {2024},
  organization = {GSA, DoD, NASA},
  note = {Title 48 CFR Chapter 1}
}

@manual{far2025,
  title = {Federal Acquisition Regulation Update: Federal Acquisition Circular (FAC) 2025-03},
  author = {{General Services Administration}},
  year = {2025},
  organization = {GSA, DoD, NASA},
  note = {Title 48 CFR Chapter 1, effective January 2025}
}

@techreport{gao2025procurement,
  title = {Section L/M Requirements Compliance: Analysis of Contractor Proposal Management Practices},
  author = {{U.S. Government Accountability Office}},
  year = {2025},
  institution = {GAO},
  number = {GAO-25-203456},
  address = {Washington, DC},
  month = {March}
}

@standard{pmi2024standards,
  title = {A Guide to the Project Management Body of Knowledge (PMBOK Guide)},
  author = {{Project Management Institute}},
  year = {2024},
  edition = {7th},
  publisher = {Project Management Institute},
  address = {Newtown Square, PA},
  note = {Chapter 13: Project Resource Management}
}

@techreport{dod2025guidelines,
  title = {Defense Acquisition Guidebook: Responsibility Assignment Matrix Requirements for Complex Programs},
  author = {{Department of Defense}},
  year = {2025},
  institution = {Defense Acquisition University},
  number = {DAU-PAM-25-01},
  address = {Fort Belvoir, VA},
  month = {February}
}

@techreport{thomson2024compliance,
  title = {The True Cost of Compliance in Government Contracting},
  author = {{Thomson Reuters Institute}},
  year = {2024},
  institution = {Thomson Reuters},
  month = {March}
}

@techreport{omb2024,
  title = {Memorandum M-25-21: Advancing the Responsible Acquisition and Use of Artificial Intelligence in the Federal Government},
  author = {{Office of Management and Budget}},
  year = {2024},
  institution = {Executive Office of the President},
  address = {Washington, DC}
}

@techreport{gartner2024gov,
  title = {Government AI Adoption Survey: Procurement Leaders' Perspectives},
  author = {{Gartner Research}},
  year = {2024},
  institution = {Gartner Inc.},
  month = {February}
}

@techreport{deloitte2024ai,
  title = {AI in Government Contracting: Efficiency Gains and Implementation Strategies},
  author = {{Deloitte Consulting}},
  year = {2024},
  institution = {Deloitte},
  address = {New York, NY}
}

@techreport{accenture2024,
  title = {Federal Procurement Transformation Through AI: A Quantitative Analysis},
  author = {{Accenture Federal Services}},
  year = {2024},
  institution = {Accenture},
  address = {Arlington, VA}
}

@inproceedings{wang2019glue,
  title = {GLUE: A Multi-Task Benchmark and Analysis Platform for Natural Language Understanding},
  author = {Wang, Alex and Singh, Amanpreet and Michael, Julian and Hill, Felix and Levy, Omer and Bowman, Samuel R.},
  booktitle = {Proceedings of the 2018 EMNLP Workshop BlackboxNLP},
  year = {2019},
  pages = {353--355}
}

@article{hendrycks2021mmlu,
  title = {Measuring Massive Multitask Language Understanding},
  author = {Hendrycks, Dan and Burns, Collin and Basart, Steven and Zou, Andy and Mazeika, Mantas and Song, Dawn and Steinhardt, Jacob},
  journal = {Proceedings of the International Conference on Learning Representations},
  year = {2021}
}

@article{srivastava2023beyond,
  title = {Beyond the Imitation Game: Quantifying and extrapolating the capabilities of language models},
  author = {Srivastava, Aarohi and others},
  journal = {Transactions on Machine Learning Research},
  year = {2023}
}

@inproceedings{katz2024lexglue,
  title = {LexGLUE: A Benchmark Dataset for Legal Language Understanding in English},
  author = {Katz, Daniel Martin and Hartung, Dirk and Gerlach, Lauritz and Jana, Abhik and Bommarito II, Michael J.},
  booktitle = {Proceedings of the 62nd Annual Meeting of the Association for Computational Linguistics},
  year = {2024},
  pages = {1723--1736}
}

@article{chalkidis2022fairlex,
  title = {FairLex: A Multilingual Benchmark for Evaluating Fairness in Legal Text Processing},
  author = {Chalkidis, Ilias and Jana, Abhik and Hartung, Dirk and Bommarito, Michael and Androutsopoulos, Ion and Katz, Daniel and Aletras, Nikolaos},
  journal = {Proceedings of the 60th Annual Meeting of the Association for Computational Linguistics},
  year = {2022},
  pages = {4389--4406}
}

@techreport{thomson2024legal,
  title = {Legal AI Benchmarking Study: Hallucination Rates and Accuracy Metrics},
  author = {{Thomson Reuters Institute}},
  year = {2024},
  institution = {Thomson Reuters},
  month = {May}
}

@article{jin2021disease,
  title = {Disease knowledge distillation for medical dialogue generation},
  author = {Jin, Di and Pan, Eileen and Oufattole, Nassim and Weng, Wei-Hung and Fang, Hanyi and Szolovits, Peter},
  journal = {Proceedings of the AAAI Conference on Artificial Intelligence},
  volume = {35},
  number = {14},
  pages = {13182--13190},
  year = {2021}
}

@inproceedings{jin2019pubmedqa,
  title = {PubMedQA: A Dataset for Biomedical Research Question Answering},
  author = {Jin, Qiao and Dhingra, Bhuwan and Liu, Zhengping and Cohen, William W. and Lu, Xinghua},
  booktitle = {Proceedings of the 2019 Conference on Empirical Methods in Natural Language Processing},
  year = {2019},
  pages = {2567--2577}
}

@techreport{marketsandmarkets2024,
  title = {Healthcare AI Market - Global Forecast to 2029},
  author = {{MarketsandMarkets Research}},
  year = {2024},
  institution = {MarketsandMarkets},
  number = {MD 7834}
}

@techreport{fda2024ai,
  title = {Artificial Intelligence/Machine Learning (AI/ML)-Based Medical Devices},
  author = {{U.S. Food and Drug Administration}},
  year = {2024},
  institution = {FDA},
  address = {Silver Spring, MD}
}

@article{engstrom2020government,
  title = {Government by Algorithm: Artificial Intelligence in Federal Administrative Agencies},
  author = {Engstrom, David Freeman and Ho, Daniel E. and Sharkey, Catherine M. and Cuéllar, Mariano-Florentino},
  journal = {NYU School of Law, Public Law Research Paper},
  number = {20-54},
  year = {2020}
}

@book{coglianese2024administrative,
  title = {Administrative Law in the Age of Artificial Intelligence},
  author = {Coglianese, Cary and Lai, Alicia},
  publisher = {University of Pennsylvania Press},
  year = {2024},
  address = {Philadelphia, PA}
}

@inproceedings{wang2019automated,
  title = {Automated extraction of contract elements from construction specifications using natural language processing},
  author = {Wang, Jiansong and Zhang, Jianping},
  booktitle = {Proceedings of the 36th International Symposium on Automation and Robotics in Construction},
  year = {2019},
  pages = {876--883}
}

@article{hendler2023semantic,
  title = {Semantic search for procurement: Matching queries to complex government documents},
  author = {Hendler, James and Mulvehill, Alice M.},
  journal = {AI Magazine},
  volume = {44},
  number = {2},
  pages = {152--165},
  year = {2023}
}

@inproceedings{reis2024procurement,
  title = {Machine Learning for Public Procurement Spend Classification},
  author = {Reis, João and Brito, Miguel and Figueiredo, Nuno},
  booktitle = {Proceedings of the 2024 International Conference on Digital Government Research},
  year = {2024},
  pages = {234--245}
}